
@book{Silge2022,
author = "Julia Silge and David Robinson", year = 2022,
title = "Text Mining with R"
}

@MISC{Kaggle2019,
author = {Kaggle},
title = {Hamilton Lyrics},
month = Feb,
year = {2022},
howpublished={\url{https://www.kaggle.com/lbalter/hamilton-lyrics}}
}
